<record><leader>00000cas a2200000 a 4500</leader><controlfield tag="001">707554648</controlfield><controlfield tag="006">m     o  d        </controlfield><controlfield tag="007">cr |||||||||||</controlfield><controlfield tag="008">110316d18641878moudn neo     0    0eng c</controlfield><datafield ind1=" " ind2=" " tag="010"><subfield code="a">  2011263111</subfield></datafield><datafield ind1=" " ind2=" " tag="040"><subfield code="a">TXA</subfield><subfield code="b">eng</subfield><subfield code="c">TXA</subfield><subfield code="d">TXA</subfield><subfield code="d">OCLCQ</subfield><subfield code="d">OCLCF</subfield></datafield><datafield ind1=" " ind2=" " tag="037"><subfield code="b">ProQuest, 789 E. Eisenhower Parkway, P.O. Box 1346, Ann Arbor, MI 48106-1346</subfield></datafield><datafield ind1=" " ind2=" " tag="042"><subfield code="a">pcc</subfield></datafield><datafield ind1=" " ind2=" " tag="043"><subfield code="a">n-us-mo</subfield></datafield><datafield ind1="0" ind2=" " tag="130"><subfield code="a">Saint Louis dispatch (Saint Louis, Mo. : 1864)</subfield></datafield><datafield ind1="1" ind2="4" tag="245"><subfield code="a">The Saint Louis dispatch</subfield><subfield code="h">[electronic resource].</subfield></datafield><datafield ind1="3" ind2=" " tag="246"><subfield code="a">St. Louis dispatch</subfield><subfield code="f">Mar. 26, 1870-</subfield></datafield><datafield ind1="3" ind2=" " tag="246"><subfield code="a">Dispatch</subfield></datafield><datafield ind1=" " ind2=" " tag="260"><subfield code="a">St. Louis [Mo.] :</subfield><subfield code="b">St. Louis Dispatch</subfield></datafield><datafield ind1=" " ind2=" " tag="310"><subfield code="a">Daily (except Sunday)</subfield></datafield><datafield ind1=" " ind2=" " tag="321"><subfield code="a">Daily,</subfield><subfield code="b">Nov. 21, 1864-&lt;Mar. 26, 1865&gt;</subfield></datafield><datafield ind1="1" ind2=" " tag="362"><subfield code="a">Print began in 1864; ceased in Dec. 1878.</subfield></datafield><datafield ind1=" " ind2=" " tag="580"><subfield code="a">Merged with: St. Louis evening post (Saint Louis, Mo. : 1878); to form: St. Louis post and dispatch (Saint Louis, Mo. : 1878).</subfield></datafield><datafield ind1=" " ind2=" " tag="588"><subfield code="a">Description based on: Vol. 13, no. 22 (Jan. 2, 1874); title from PDF masthead p. 1 (ProQuest, viewed Mar. 15, 2011).</subfield></datafield><datafield ind1=" " ind2=" " tag="588"><subfield code="a">Latest issue consulted: Vol. 26, no. 219 (Dec. 31, 1877) (ProQuest, viewed Mar. 15, 2011).</subfield></datafield><datafield ind1=" " ind2="0" tag="651"><subfield code="a">Saint Louis (Mo.)</subfield><subfield code="v">Newspapers.</subfield></datafield><datafield ind1=" " ind2="7" tag="655"><subfield code="a">Newspapers.</subfield><subfield code="2">fast</subfield><subfield code="0">(OCoLC)fst01423814</subfield></datafield><datafield ind1=" " ind2="7" tag="651"><subfield code="a">Missouri</subfield><subfield code="z">Saint Louis.</subfield><subfield code="2">fast</subfield><subfield code="0">(OCoLC)fst01204930</subfield></datafield><datafield ind1=" " ind2=" " tag="752"><subfield code="a">United States</subfield><subfield code="b">Missouri</subfield><subfield code="d">Saint Louis.</subfield></datafield><datafield ind1="0" ind2=" " tag="775"><subfield code="t">St. Louis weekly dispatch</subfield></datafield><datafield ind1="0" ind2=" " tag="775"><subfield code="t">St. Louis dispatch (Saint Louis, Mo. : Weekly)</subfield></datafield><datafield ind1="0" ind2=" " tag="775"><subfield code="t">Tri-weekly dispatch (Saint Louis, Mo.)</subfield></datafield><datafield ind1="0" ind2=" " tag="775"><subfield code="t">Sunday dispatch (Saint Louis, Mo.)</subfield></datafield><datafield ind1="0" ind2="8" tag="776"><subfield code="i">Print version:</subfield><subfield code="t">Saint Louis dispatch (Saint Louis, Mo. : 1864)</subfield><subfield code="w">(DLC)sn 83025376</subfield><subfield code="w">(OCoLC)9419527</subfield></datafield><datafield ind1="0" ind2="5" tag="780"><subfield code="t">St. Louis daily evening news (Saint Louis, Mo. : 1859)</subfield></datafield><datafield ind1="0" ind2="5" tag="780"><subfield code="t">Saint Louis daily union</subfield></datafield><datafield ind1="1" ind2="7" tag="785"><subfield code="t">St. Louis evening post (Saint Louis, Mo. : 1878)</subfield><subfield code="w">(DLC)  2011263177</subfield><subfield code="w">(OCoLC)728683530</subfield></datafield><datafield ind1="1" ind2="7" tag="785"><subfield code="t">St. Louis post and dispatch (Saint Louis, Mo. : 1878)</subfield><subfield code="w">(DLC)  2011263172</subfield><subfield code="w">(OCoLC)728712735</subfield></datafield><datafield ind1="4" ind2="0" tag="856"><subfield code="u">http://proquest.umi.com</subfield><subfield code="z">Available within the ProQuest Historical Newspapers St. Louis Post-Dispatch (1874-1922)</subfield></datafield></record>